<record><leader>00000cas a22000007a 4500</leader><controlfield tag="001">10494535</controlfield><controlfield tag="008">840307d18581859ctudn ne      0    0eng d</controlfield><datafield ind1=" " ind2=" " tag="010"><subfield code="a">sn 84022583 </subfield></datafield><datafield ind1=" " ind2=" " tag="040"><subfield code="a">NPX</subfield><subfield code="b">eng</subfield><subfield code="c">NPX</subfield><subfield code="d">CNW</subfield><subfield code="d">DLC</subfield><subfield code="d">OCL</subfield><subfield code="d">OCLCG</subfield><subfield code="d">OCLCA</subfield><subfield code="d">OCLCQ</subfield><subfield code="d">OCLCO</subfield><subfield code="d">OCLCA</subfield><subfield code="d">OCLCF</subfield></datafield><datafield ind1="1" ind2=" " tag="029"><subfield code="a">AU@</subfield><subfield code="b">000020228204</subfield></datafield><datafield ind1=" " ind2=" " tag="042"><subfield code="a">msc</subfield></datafield><datafield ind1=" " ind2=" " tag="043"><subfield code="a">n-us-ct</subfield></datafield><datafield ind1="0" ind2="0" tag="245"><subfield code="a">Norwich daily courier.</subfield></datafield><datafield ind1="1" ind2="3" tag="246"><subfield code="a">Daily courier</subfield><subfield code="f">1858-Feb. 26, 1859</subfield></datafield><datafield ind1=" " ind2=" " tag="260"><subfield code="a">Norwich, CT. :</subfield><subfield code="b">D.E. Sykes</subfield></datafield><datafield ind1=" " ind2=" " tag="300"><subfield code="a">volumes</subfield></datafield><datafield ind1=" " ind2=" " tag="310"><subfield code="a">Daily (except Sun.)</subfield></datafield><datafield ind1=" " ind2=" " tag="336"><subfield code="a">text</subfield><subfield code="b">txt</subfield><subfield code="2">rdacontent</subfield></datafield><datafield ind1=" " ind2=" " tag="337"><subfield code="a">unmediated</subfield><subfield code="b">n</subfield><subfield code="2">rdamedia</subfield></datafield><datafield ind1=" " ind2=" " tag="338"><subfield code="a">volume</subfield><subfield code="b">nc</subfield><subfield code="2">rdacarrier</subfield></datafield><datafield ind1="0" ind2=" " tag="362"><subfield code="a">Vol. 18, no. 1 (Dec. 1, 1858)-v. 18, no. 206 (Aug. 2, 1859) = whole no. 2657-2859.</subfield></datafield><datafield ind1=" " ind2=" " tag="500"><subfield code="a">Prospectus issued Nov. 16, 1858 called: A Daily paper in Norwich.</subfield></datafield><datafield ind1=" " ind2=" " tag="500"><subfield code="a">Publishers: George B. Smith, 1859; D.E. Sykes, 1859.</subfield></datafield><datafield ind1=" " ind2="0" tag="651"><subfield code="a">Norwich (Conn.)</subfield><subfield code="v">Newspapers.</subfield></datafield><datafield ind1=" " ind2="7" tag="655"><subfield code="a">Newspapers.</subfield><subfield code="2">fast</subfield><subfield code="0">(OCoLC)fst01423814</subfield></datafield><datafield ind1=" " ind2="7" tag="651"><subfield code="a">Connecticut</subfield><subfield code="z">Norwich.</subfield><subfield code="2">fast</subfield><subfield code="0">(OCoLC)fst01216259</subfield></datafield><datafield ind1="1" ind2=" " tag="700"><subfield code="a">Sykes, Dorson Ebenezer,</subfield><subfield code="d">approximately 1808-1880.</subfield></datafield><datafield ind1="0" ind2=" " tag="730"><subfield code="a">Daily paper in Norwich.</subfield></datafield><datafield ind1=" " ind2=" " tag="752"><subfield code="a">United States</subfield><subfield code="b">Connecticut</subfield><subfield code="c">New London</subfield><subfield code="d">Norwich.</subfield></datafield><datafield ind1="0" ind2="0" tag="780"><subfield code="t">Evening courier (Norwich, Conn.)</subfield><subfield code="w">(DLC)sn 84022582</subfield><subfield code="w">(OCoLC)10494472</subfield></datafield><datafield ind1="0" ind2="7" tag="785"><subfield code="t">Norwich weekly courier (Norwich, Conn. : 1845)</subfield><subfield code="w">(DLC)sn 82016391</subfield><subfield code="w">(OCoLC)9309658</subfield></datafield><datafield ind1="0" ind2="7" tag="785"><subfield code="t">Norwich semi-weekly courier</subfield><subfield code="w">(DLC)sn 84022586</subfield><subfield code="w">(OCoLC)10494024</subfield></datafield></record>